%% farfield.bib - contains BiBtex input for bibliography

@article{Hockham73, 
	author = "G. A. Hockham", 
	title  = "Radiation from a solid-state laser",
	journal= "Electronic Letters,",  
	volume = "9", 
	pages  = "389-391", 
	year   = "1973"	} 
